@inbook{brillinger2010handbook,
	author = {Brillinger, David},
	chapter = 26,
	year = {2010},
	publisher = {{Chapman and Hall/CRC Press}},
	series= {{Handbooks of Statistical Methods}},
	title = {{Hanbook of Spatial Statistics}}
}

@article{beskos2006exact,
  title={Exact and computationally efficient likelihood-based estimation for discretely observed diffusion processes (with discussion)},
  author={Beskos, Alexandros and Papaspiliopoulos, Omiros and Roberts, Gareth O and Fearnhead, Paul},
  journal={Journal of the Royal Statistical Society: Series B (Statistical Methodology)},
  volume={68},
  number={3},
  pages={333--382},
  year={2006},
  publisher={Wiley Online Library}
}


@article{dalalyan2017theoretical,
  title={Theoretical guarantees for approximate sampling from smooth and log-concave densities},
  author={Dalalyan, Arnak S},
  journal={Journal of the Royal Statistical Society: Series B (Statistical Methodology)},
  volume={79},
  number={3},
  pages={651--676},
  year={2017},
  publisher={Wiley Online Library}
}

@article{fleming2015rigorous,
  title={Rigorous home range estimation with movement data: a new autocorrelated kernel density estimator},
  author={Fleming, Chris H and Fagan, William F and Mueller, Thomas and Olson, Kirk A and Leimgruber, Peter and Calabrese, Justin M},
  journal={Ecology},
  volume={96},
  number={5},
  pages={1182--1188},
  year={2015},
  publisher={Wiley Online Library}
}

@article{gloaguen2017stochastic,
  title={Stochastic differential equation based on a multimodal potential to model movement data in ecology},
  author={Gloaguen, Pierre and Etienne, Marie-Pierre and Corff, Sylvain Le},
  journal={Journal of the Royal Statistical Society: Series C (Applied Statistics)},
  year={2017},
  publisher={Wiley Online Library}
}

@article{horne2007analyzing,
  title={Analyzing animal movements using Brownian bridges},
  author={Horne, Jon S and Garton, Edward O and Krone, Stephen M and Lewis, Jesse S},
  journal={Ecology},
  volume={88},
  number={9},
  pages={2354--2363},
  year={2007},
  publisher={Wiley Online Library}
}

@article{michelot2017linking,
  title={Linking resource selection and step selection models for habitat preferences in animals},
  author={Michelot, Th{\'e}o and Blackwell, Paul G and Matthiopoulos, Jason},
  journal={arXiv preprint arXiv:1708.08426},
  year={2017}
}

@article{preisler2013analyzing,
  title={Analyzing animal movement patterns using potential functions},
  author={Preisler, Haiganoush K and Ager, Alan A and Wisdom, Michael J},
  journal={Ecosphere},
  volume={4},
  number={3},
  pages={1--13},
  year={2013},
  publisher={Wiley Online Library}
}

@article{roberts1996exponential,
  title={Exponential convergence of Langevin distributions and their discrete approximations},
  author={Roberts, Gareth O and Tweedie, Richard L},
  journal={Bernoulli},
  pages={341--363},
  year={1996},
  publisher={JSTOR}
}

@article{roberts1998optimal,
  title={Optimal scaling of discrete approximations to Langevin diffusions},
  author={Roberts, Gareth O and Rosenthal, Jeffrey S},
  journal={Journal of the Royal Statistical Society: Series B (Statistical Methodology)},
  volume={60},
  number={1},
  pages={255--268},
  year={1998},
  publisher={Wiley Online Library}
}

@article{worton1989kernel,
  title={Kernel methods for estimating the utilization distribution in home-range studies},
  author={Worton, Brian J},
  journal={Ecology},
  volume={70},
  number={1},
  pages={164--168},
  year={1989},
  publisher={Wiley Online Library}
}
